
%%%%%%%%POUR LE DOSSIER%%%%%%

@phdthesis{mazzocco2015,
  title={Applications de la mod{\'e}lisation math{\'e}matique {\`a} l'optimisation des traitements chimioth{\'e}rapiques des gliomes de bas-grade},
  author={Mazzocco, Pauline},
  year={2015}
}

@incollection{shrestha2020,
  title={Ten Major Future Challenges in Single-Cell Metabolomics},
  author={Shrestha, Bindesh},
  booktitle={Single Cell Metabolism},
  pages={219--223},
  year={2020},
  publisher={Springer}
}

@article{prost1996,
  title={Shape fluctuations of active membranes},
  author={Prost, J and Bruinsma, R},
  journal={EPL (Europhysics Letters)},
  volume={33},
  number={4},
  pages={321},
  year={1996},
  publisher={IOP Publishing}
}

@book{gabbiani2017,
  title={Mathematics for neuroscientists},
  author={Gabbiani, Fabrizio and Cox, Steven James},
  year={2017},
  publisher={Academic Press}
}

@article{dem1981,
  title={The sarcoplasmic reticulum: transport and energy transduction},
  author={De Meis, Leopoldo and Bittar, J},
  journal={The sarcoplasmic reticulum: transport and energy transduction. Wiley, New York},
  year={1981}
}

@article{almquist2010,
  title={A kinetic model of the monocarboxylate transporter MCT1 and its interaction with carbonic anhydrase II},
  author={Almquist, Joachim and Lang, Patrick and Pr{\"a}tzel-Wolters, Dieter and Deitmer, Joachim W and Jirstrand, Mats and Becker, Holger M},
  journal={J. Comput. Sci. Syst. Biol},
  volume={3},
  number={5},
  pages={107--116},
  year={2010}
}

@article{halestrap1999,
  title={The proton-linked monocarboxylate transporter (MCT) family: structure, function and regulation},
  author={Halestrap, Andrew P and PRICE, Nigel T},
  journal={Biochemical Journal},
  volume={343},
  number={2},
  pages={281--299},
  year={1999},
  publisher={Portland Press Ltd.}
}

@article{payen2017,
  title={Monocarboxylate transporter MCT1 promotes tumor metastasis independently of its activity as a lactate transporter},
  author={Payen, Val{\'e}ry L and Hsu, Myriam Y and R{\"a}decke, Kristin S and Wyart, Elisabeth and Vazeille, Thibaut and Bouzin, Caroline and Porporato, Paolo E and Sonveaux, Pierre},
  journal={Cancer research},
  volume={77},
  number={20},
  pages={5591--5601},
  year={2017},
  publisher={AACR}
}

@book{keener2009,
  title={Mathematical physiology 1: Cellular physiology},
  author={Keener, JP and Sneyd, James},
  year={2009},
  publisher={Springer}
}


 @incollection{walenta2016,
  title={Lactate—an integrative mirror of cancer metabolism},
  author={Walenta, Stefan and Voelxen, Nadine F and Mueller-Klieser, Wolfgang},
  booktitle={Metabolism in Cancer},
  pages={23--37},
  year={2016},
  publisher={Springer}
} 



%Post-doc
@article{maus2017,
  title={Glutamate and $\alpha$-ketoglutarate: key players in glioma metabolism},
  author={Maus, Andreas and Peters, Godefridus J},
  journal={Amino Acids},
  volume={49},
  number={1},
  pages={21--32},
  year={2017},
  publisher={Springer}
}

@article{stobart2013,
  title={Multifunctional role of astrocytes as gatekeepers of neuronal energy supply},
  author={Stobart, Jillian L and Anderson, Christopher M},
  journal={Frontiers in cellular neuroscience},
  volume={7},
  pages={38},
  year={2013},
}

@article{bruhn1989,
  title={Cerebral metabolism in man after acute stroke: new observations using localized proton NMR spectroscopy},
  author={Bruhn, H and Frahm, J and Gyngell, ML and Merboldt, KD and H{\"a}nicke, W and Sauter, R},
  journal={Magnetic resonance in medicine},
  volume={9},
  number={1},
  pages={126--131},
  year={1989},
  publisher={Wiley Online Library}
}

@article{parsons2000,
  title={Combined 1H MR spectroscopy and diffusion-weighted MRI improves the prediction of stroke outcome},
  author={Parsons, MW and Li, T and Barber, PA and Yang, Q and Darby, DG and Desmond, PM and Gerraty, RP and Tress, BM and Davis, SM},
  journal={Neurology},
  volume={55},
  number={4},
  pages={498--506},
  year={2000},
  publisher={AAN Enterprises}
}

@article{domenichini2018,
  title={Store-Operated Calcium Entries Control Neural Stem Cell Self-Renewal in the Adult Brain Subventricular Zone},
  author={Domenichini, Florence and Terri{\'e}, Elodie and Arnault, Patricia and Harnois, Thomas and Magaud, Christophe and Bois, Patrick and Constantin, Bruno and Coronas, Val{\'e}rie},
  journal={Stem Cells},
  volume={36},
  number={5},
  pages={761--774},
  year={2018},
  publisher={Wiley Online Library}
}

@article{terrie2019,
  title={Role of the calcium toolkit in cancer stem cells},
  author={Terri{\'e}, Elodie and Coronas, Val{\'e}rie and Constantin, Bruno},
  journal={Cell calcium},
  year={2019},
  publisher={Elsevier}
}

@article{gimbel2010,
  title={Memory impairment in transgenic Alzheimer mice requires cellular prion protein},
  author={Gimbel, David A and Nygaard, Haakon B and Coffey, Erin E and Gunther, Erik C and Laur{\'e}n, Juha and Gimbel, Zachary A and Strittmatter, Stephen M},
  journal={Journal of Neuroscience},
  volume={30},
  number={18},
  pages={6367--6374},
  year={2010},
  publisher={Soc Neuroscience}
}

@article{resenberger2011,
  title={The cellular prion protein mediates neurotoxic signalling of $\beta$-sheet-rich conformers independent of prion replication},
  author={Resenberger, Ulrike K and Harmeier, Anja and Woerner, Andreas C and Goodman, Jessica L and M{\"u}ller, Veronika and Krishnan, Rajaraman and Vabulas, R Martin and Kretzschmar, Hans A and Lindquist, Susan and Hartl, F Ulrich and others},
  journal={The EMBO journal},
  volume={30},
  number={10},
  pages={2057--2070},
  year={2011},
  publisher={John Wiley \& Sons, Ltd}
}






%CHAPITRE 1
@article{hunkeler2004,
  title={Cours d'anatomie et de physiologie},
  author={Hunkeler, M.},
  year={2004},
  publisher={Université de Neuchatel}
}

@article{gundersen2015,
  title={Neuroglial transmission},
  author={Gundersen, Vidar and Storm-Mathisen, Jon and Bergersen, Linda Hildegard},
  journal={Physiological reviews},
  volume={95},
  number={3},
  pages={695--726},
  year={2015},
  publisher={American Physiological Society Bethesda, MD}
}

@article{tardy1991,
  title={Astrocytes et homeostasie},
  author={Tardy, Marcienne},
  year={1991},
  publisher={John Libbey Eurotext, Montrouge}
}

@article{xu2016,
  title={Evaluation of neuron-glia integrity by in vivo proton magnetic resonance spectroscopy: Implications for psychiatric disorders},
  author={Xu, Haiyun and Zhang, Handi and Zhang, Jie and Huang, Qingjun and Shen, Zhiwei and Wu, Renhua},
  journal={Neuroscience \& Biobehavioral Reviews},
  volume={71},
  pages={563--577},
  year={2016},
  publisher={Elsevier}
}

@article{manini2018,
  title={Role of microenvironment in glioma invasion: what we learned from in vitro models},
  author={Manini, Ivana and Caponnetto, Federica and Bartolini, Anna and Ius, Tamara and Mariuzzi, Laura and Di Loreto, Carla and Beltrami, Antonio Paolo and Cesselli, Daniela},
  journal={International journal of molecular sciences},
  volume={19},
  number={1},
  pages={147},
  year={2018},
  publisher={Multidisciplinary Digital Publishing Institute}
}

@book{bio,
    author= {Polonovski, M. and Boulanger, P. and Macheboeuf, M. and Roche, J.},
    title= {Biochimie médicale. fascicule II seul : enzymes et métabolismes.},
    year= {1973},
    publisher={Editions Masson},
}

@article{shen2009,
  title={Determination of the Glutamate—Glutamine Cycling Flux Using Two-Compartment Dynamic Metabolic Modeling is Sensitive to Astroglial Dilution},
  author={Shen, Jun and Rothman, Douglas L and Behar, Kevin L and Xu, Su},
  journal={Journal of Cerebral Blood Flow \& Metabolism},
  volume={29},
  number={1},
  pages={108--118},
  year={2009},
  publisher={SAGE Publications Sage UK: London, England}
}

@article{hertz2017,
  title={Glutamine-Glutamate Cycle Flux Is Similar in Cultured Astrocytes and Brain and Both Glutamate Production and Oxidation Are Mainly Catalyzed by Aspartate Aminotransferase},
  author={Hertz, Leif and Rothman, Douglas L},
  journal={Biology},
  volume={6},
  number={1},
  pages={17},
  year={2017},
  publisher={Multidisciplinary Digital Publishing Institute}
}

@article{barros2018,
  title={Glia in brain energy metabolism: A perspective},
  author={Barros, L Felipe and Brown, Angus and Swanson, Raymond A},
  journal={Glia},
  volume={66},
  number={6},
  pages={1134--1137},
  year={2018},
  publisher={Wiley Online Library}
}

@article{bourbonnais2014,
  title={Cours compensateurs - neurophisiologie},
  author={Bourbonnais, G.},
  year={2014},
  publisher={Université Laval}
}

@article{ccarole,
  title={Cours {IRM} - {IFMEN} deuxième année},
  author={Guillevin, C.},
  year={2019},
  publisher={Université de Poitiers}
}


@article{perez2016_2,
  title={Monocarboxylate transporters in the brain and in cancer},
  author={P{\'e}rez-Escuredo, Jhudit and Van H{\'e}e, Vincent F and Sboarina, Martina and Falces, Jorge and Payen, Val{\'e}ry L and Pellerin, Luc and Sonveaux, Pierre},
  journal={Biochimica et Biophysica Acta (BBA)-Molecular Cell Research},
  volume={1863},
  number={10},
  pages={2481--2497},
  year={2016},
  publisher={Elsevier}
}

@book{buxton2009,
  title={Introduction to functional magnetic resonance imaging: principles and techniques},
  author={Buxton, Richard B},
  year={2009},
  publisher={Cambridge university press}
}

@article{riske2016,
  title={Lactate in the brain: an update on its relevance to brain energy, neurons, glia and panic disorder},
  author={Riske, Laurel and Thomas, Rejish K and Baker, Glen B and Dursun, Serdar M},
  journal={Therapeutic Advances in Psychopharmacology},
  pages={2045125316675579},
  year={2016},
  publisher={SAGE Publications}
}

@article{rinholm2014,
  title={White matter lactate--does it matter?},
  author={Rinholm, JE and Bergersen, LH},
  journal={Neuroscience},
  volume={276},
  pages={109--116},
  year={2014},
  publisher={Elsevier}
}

@article{barros2013,
  title={Metabolic signaling by lactate in the brain},
  author={Barros, L Felipe},
  journal={Trends in neurosciences},
  volume={36},
  number={7},
  pages={396--404},
  year={2013},
  publisher={Elsevier}
}

@article{loike1993,
  title={Lactate transport in macrophages.},
  author={Loike, John D and Kaback, Elizabeth and Silverstein, Samuel C and Steinberg, Thomas H},
  journal={The Journal of Immunology},
  volume={150},
  number={5},
  pages={1951--1958},
  year={1993},
  publisher={Am Assoc Immnol}
}

@article{sotelo2012,
  title={Acute feedback control of astrocytic glycolysis by lactate},
  author={Sotelo-Hitschfeld, T and Fern{\'a}Ndez-Moncada, I and Barros, LF},
  journal={Glia},
  volume={60},
  number={4},
  pages={674--680},
  year={2012},
  publisher={Wiley Online Library}
}

@article{bouzier2000,
  title={The metabolism of [3-13C] lactate in the rat brain is specific of a pyruvate carboxylase-deprived compartment},
  author={Bouzier, Anne-Karine and Thiaudiere, Eric and Biran, Marc and Rouland, Richard and Canioni, Paul and Merle, Michel},
  journal={Journal of neurochemistry},
  volume={75},
  number={2},
  pages={480--486},
  year={2000},
  publisher={Wiley Online Library}
}


@article{wyss2011,
  title={In vivo evidence for lactate as a neuronal energy source},
  author={Wyss, Matthias T and Jolivet, Renaud and Buck, Alfred and Magistretti, Pierre J and Weber, Bruno},
  journal={The Journal of Neuroscience},
  volume={31},
  number={20},
  pages={7477--7485},
  year={2011},
  publisher={Soc Neuroscience}
}

@article{bouzier2006,
  title={Competition between glucose and lactate as oxidative energy substrates in both neurons and astrocytes: a comparative NMR study},
  author={Bouzier-Sore, Anne-Karine and Voisin, Pierre and Bouchaud, V{\'e}ronique and Bezancon, Eric and Franconi, Jean-Michel and Pellerin, Luc},
  journal={European Journal of Neuroscience},
  volume={24},
  number={6},
  pages={1687--1694},
  year={2006},
  publisher={Wiley Online Library}
}

@article{pellerin1994,
  title={Glutamate uptake into astrocytes stimulates aerobic glycolysis: a mechanism coupling neuronal activity to glucose utilization},
  author={Pellerin, Luc and Magistretti, Pierre J},
  journal={Proceedings of the National Academy of Sciences},
  volume={91},
  number={22},
  pages={10625--10629},
  year={1994},
  publisher={National Acad Sciences}
}

@article{magistretti1996,
  title={Cellular bases of brain energy metabolism and their relevance to functional brain imaging: evidence for a prominent role of astrocytes},
  author={Magistretti, Pierre J and Pellerin, Luc},
  journal={Cerebral Cortex},
  volume={6},
  number={1},
  pages={50--61},
  year={1996},
  publisher={Oxford Univ Press}
}

@article{pellerin2002,
  title={How to balance the brain energy budget while spending glucose differently},
  author={{P}ellerin, Luc and Magistretti, Pierre J},
  journal={The Journal of physiology},
  volume={546},
  number={2},
  pages={325--325},
  year={2003},
  publisher={Wiley Online Library}
}

@article{itoh2003,
  title={Dichloroacetate effects on glucose and lactate oxidation by neurons and astroglia in vitro and on glucose utilization by brain in vivo},
  author={Itoh, Yoshiaki and Esaki, Takanori and Shimoji, Kazuaki and Cook, Michelle and Law, Mona J and Kaufman, Elaine and Sokoloff, Louis},
  journal={Proceedings of the National Academy of Sciences},
  volume={100},
  number={8},
  pages={4879--4884},
  year={2003},
  publisher={National Acad Sciences}
}

@article{bittar1996,
  title={Selective distribution of lactate dehydrogenase isoenzymes in neurons and astrocytes of human brain},
  author={Bittar, Philippe G and Charnay, Yves and Pellerin, Luc and Bouras, Constantin and Magistretti, Pierre J},
  journal={Journal of Cerebral Blood Flow \& Metabolism},
  volume={16},
  number={6},
  pages={1079--1089},
  year={1996},
  publisher={Nature Publishing Group}
}

@article{barros2009,
  title={Preferential transport and metabolism of glucose in Bergmann glia over Purkinje cells: a multiphoton study of cerebellar slices},
  author={Barros, LF and Courjaret, R and Jakoby, P and Loaiza, A and Lohr, C and Deitmer, JW},
  journal={Glia},
  volume={57},
  number={9},
  pages={962--970},
  year={2009},
  publisher={Wiley Online Library}
}

%CHAPITRE 2
@article{damadian1971,
  title={Tumor detection by nuclear magnetic resonance},
  author={Damadian, Raymond},
  journal={Science},
  volume={171},
  number={3976},
  pages={1151--1153},
  year={1971},
  publisher={American Association for the Advancement of Science}
}

@phdthesis{Tarakaki,
  title={Collective dynamics of basal ganglia-thalamo-cortical loops and their roles in functions and dysfunctions},
  author={Arakaki, Takafumi},
  year={2016},
  school={Paris 6}
}

@phdthesis{Tlaura,
  title={Spectroscopie par R{\'e}sonance Magn{\'e}tique multinoyaux et Profils G{\'e}n{\'e}tiques dans les Troubles Obsessionnels Compulsifs},
  author={Hatchondo, Laura},
  year={2015},
  school={Université de Poitiers}
}

@article{mansfield1977,
  title={Medical imaging by NMR},
  author={Mansfield, Peter and Maudsley, AA},
  journal={The British journal of radiology},
  volume={50},
  number={591},
  pages={188--194},
  year={1977},
  publisher={The British Institute of Radiology}
}

@PhDThesis{Tnaudin,
title = {Visualisation et aide à la décision pour la neuronavigation per-opératoire},
author = {Mathieu Naudin},
school = {Université de Poitiers,},
year = {2018}
}

@article{guillevin2008,
  title={Proton magnetic resonance spectroscopy predicts proliferative activity in diffuse low-grade gliomas},
  author={Guillevin, Remy and Menuel, Carole and Duffau, Hugues and Kujas, Michel and Capelle, Laurent and Aubert, Agnes and Taillibert, Sophie and Idbaih, Ahmed and Pallud, Joan and Demarco, Giovanni and others},
  journal={Journal of neuro-oncology},
  volume={87},
  number={2},
  pages={181--187},
  year={2008},
  publisher={Springer}
}

@article{thust2018,
  title={Glioma imaging in Europe: A survey of 220 centres and recommendations for best clinical practice},
  author={Thust, SC and Heiland, S and Falini, A and J{\"a}ger, HR and Waldman, AD and Sundgren, PC and Godi, Claudia and Katsaros, VK and Ramos, A and Bargallo, N and others},
  journal={European radiology},
  volume={28},
  number={8},
  pages={3306--3317},
  year={2018},
  publisher={Springer}
}

@article{sepulveda2018,
  title={SEOM clinical guideline of diagnosis and management of low-grade glioma (2017)},
  author={Sep{\'u}lveda-S{\'a}nchez, JM and Langa, J Munoz and Arr{\'a}ez, M{\'A} and Fuster, J and La{\'\i}n, A Hern{\'a}ndez and Reyn{\'e}s, G and Gonz{\'a}lez, V Rodr{\'\i}guez and Vicente, E and Denis, M Vidal and Gallego, {\'O}},
  journal={Clinical and Translational Oncology},
  volume={20},
  number={1},
  pages={3--15},
  year={2018},
  publisher={Springer}
}

@article{bloch1946,
  title={Nuclear induction},
  author={Bloch, Felix},
  journal={Physical review},
  volume={70},
  number={7-8},
  pages={460},
  year={1946},
  publisher={APS}
}

@article{purcell1946,
  title={Resonance absorption by nuclear magnetic moments in a solid},
  author={Purcell, Edward M and Torrey, H Co and Pound, Robert V},
  journal={Physical review},
  volume={69},
  number={1-2},
  pages={37},
  year={1946},
  publisher={APS}
}

%CHAPITRE 3

@article{beauchesne2011,
  title={Extra-neural metastases of malignant gliomas: myth or reality?},
  author={Beauchesne, Patrick},
  journal={Cancers},
  volume={3},
  number={1},
  pages={461--477},
  year={2011},
  publisher={Molecular Diversity Preservation International}
}

@article{pickup2014,
  title={The extracellular matrix modulates the hallmarks of cancer},
  author={Pickup, Michael W and Mouw, Janna K and Weaver, Valerie M},
  journal={EMBO reports},
  volume={15},
  number={12},
  pages={1243--1253},
  year={2014},
  publisher={John Wiley \& Sons, Ltd}
}

@article{lu2012,
  title={The extracellular matrix: a dynamic niche in cancer progression},
  author={Lu, Pengfei and Weaver, Valerie M and Werb, Zena},
  journal={J Cell Biol},
  volume={196},
  number={4},
  pages={395--406},
  year={2012},
  publisher={Rockefeller University Press}
}

@article{hanahan2000,
  title={The hallmarks of cancer},
  author={Hanahan, Douglas and Weinberg, Robert A},
  journal={cell},
  volume={100},
  number={1},
  pages={57--70},
  year={2000},
  publisher={Elsevier}
}

@article{guillevin2011_2,
  title={Predicting the outcome of grade II glioma treated with temozolomide using proton magnetic resonance spectroscopy},
  author={Guillevin, R and Menuel, C and Taillibert, S and Capelle, L and Costalat, R and Abud, L and Habas, C and De Marco, G and Hoang-Xuan, K and Chiras, J and others},
  journal={British journal of cancer},
  volume={104},
  number={12},
  pages={1854},
  year={2011},
  publisher={Nature Publishing Group}
}

@article{guillevin2012,
  title={Proton MR spectroscopy in predicting the increase of perfusion MR imaging for WHO grade II gliomas},
  author={Guillevin, Remy and Menuel, Carole and Abud, Lucas and Costalat, Robert and Capelle, Laurent and Hoang-Xuan, Kh{\^e} and Habas, Christophe and Chiras, Jacques and Vall{\'e}e, Jean-Noel},
  journal={Journal of Magnetic Resonance Imaging},
  volume={35},
  number={3},
  pages={543--550},
  year={2012},
  publisher={Wiley Online Library}
}

@article{kim2010,
  title={Molecular classification of low-grade diffuse gliomas},
  author={Kim, Young-Ho and Nobusawa, Sumihito and Mittelbronn, Michel and Paulus, Werner and Brokinkel, Benjamin and Keyvani, Kathy and Sure, Ulrich and Wrede, Karsten and Nakazato, Yoichi and Tanaka, Yuko and others},
  journal={The American journal of pathology},
  volume={177},
  number={6},
  pages={2708--2714},
  year={2010},
  publisher={Elsevier}
}

@article{damaghi2013,
  title={pH sensing and regulation in cancer},
  author={Damaghi, Mehdi and Wojtkowiak, Jonathan W and Gillies, Robert J},
  journal={Frontiers in physiology},
  volume={4},
  pages={370},
  year={2013},
  publisher={Frontiers}
}

@article{smith2000,
  title={Genetic alterations in adult diffuse glioma: occurrence, significance, and prognostic implications},
  author={Smith, Justin S and Jenkins, Robert B},
  journal={Front Biosci},
  volume={5},
  number={1},
  pages={213--231},
  year={2000},
  publisher={Citeseer}
}

@article{Guillevin1,
  title={Fiche technique - caractéristiques radiologiques des gliomes de bas grade},
  author={Ducray, F and Guillevin, R},
  journal={La lettre du neurologue},
  volume={12},
  year={2008},
}

@article{claes2007,
  title={Diffuse glioma growth: a guerilla war},
  author={Claes, An and Idema, Albert J and Wesseling, Pieter},
  journal={Acta neuropathologica},
  volume={114},
  number={5},
  pages={443--458},
  year={2007},
  publisher={Springer}
}

@article{mittler1996,
  title={Observer reliability in histological grading of astrocytoma stereotactic biopsies},
  author={Mittler, Mark A and Walters, Beverly C and Stopa, Edward G},
  journal={Journal of neurosurgery},
  volume={85},
  number={6},
  pages={1091--1094},
  year={1996},
  publisher={Journal of Neurosurgery Publishing Group}
}

@article{baron2008,
  title={Gliomes de grade II},
  author={Baron, M and Bauchet, L and Bernier, V and Capelle, L and Fontaine, D and Gatignol, P and Guyotat, J and Leroy, M and Mandonnet, E and Pallud, J and others},
  journal={EMC-Neurol},
  volume={5},
  number={3},
  pages={1--17},
  year={2008}
}

@article{pallud2006,
  title={Prognostic value of initial magnetic resonance imaging growth rates for World Health Organization grade II gliomas},
  author={Pallud, Johan and Mandonnet, Emmanuel and Duffau, Hugues and Kujas, Mich{\`e}le and Guillevin, R{\'e}my and Galanaud, Damien and Taillandier, Luc and Capelle, Laurent},
  journal={Annals of neurology},
  volume={60},
  number={3},
  pages={380--383},
  year={2006},
  publisher={Wiley Online Library}
}

@article{mandonnet2003,
  title={Continuous growth of mean tumor diameter in a subset of grade II gliomas},
  author={Mandonnet, Emmanuel and Delattre, Jean-Yves and Tanguy, Marie-Laure and Swanson, Kristin R and Carpentier, Antoine F and Duffau, Hugues and Cornu, Philippe and Van Effenterre, R{\'e}my and Alvord, Ellsworth C and Capelle, Laurent},
  journal={Annals of neurology},
  volume={53},
  number={4},
  pages={524--528},
  year={2003},
  publisher={Wiley Online Library}
}
@article{guillevin2009,
  title={Apport des nouvelles modalit{\'e}s d’imagerie par r{\'e}sonance magn{\'e}tique dans le diagnostic et la prise en charge des gliomes},
  author={Guillevin, R{\'e}my and Menuel, Carole and Martin-Duverneuil, Nadine and Chiras, Jacques},
  journal={Neurologie. com},
  volume={1},
  number={7},
  pages={174--180},
  year={2009}
}

@incollection{lamszus2003,
  title={Invasion as limitation to anti-angiogenic glioma therapy},
  author={Lamszus, K and Kunkel, P and Westphal, M},
  booktitle={Local Therapies for Glioma Present Status and Future Developments},
  pages={169--177},
  year={2003},
  publisher={Springer}
}

@article{hamer2013,
  title={Resection probability maps for quality assessment of glioma surgery without brain location bias},
  author={Hamer, Philip C De Witt and Hendriks, Eef J and Mandonnet, Emmanuel and Barkhof, Frederik and Zwinderman, Aeilko H and Duffau, Hugues},
  journal={PloS one},
  volume={8},
  number={9},
  pages={e73353},
  year={2013},
  publisher={Public Library of Science}
}

@article{mangiardi1990,
  title={Metabolism of the malignant astrocytoma.},
  author={Mangiardi, John R and Yodice, Paul},
  journal={Neurosurgery},
  volume={26},
  number={1},
  pages={1--19},
  year={1990},
  publisher={LWW}
}

@article{manerba2017,
  title={Lactate dehydrogenase inhibitors can reverse inflammation induced changes in colon cancer cells},
  author={Manerba, Marcella and Di Ianni, Lorenza and Govoni, Marzia and Roberti, Marinella and Recanatini, Maurizio and Di Stefano, Giuseppina},
  journal={European Journal of Pharmaceutical Sciences},
  volume={96},
  pages={37--44},
  year={2017},
  publisher={Elsevier}
}

@article{colen2011,
  title={Metabolic targeting of lactate efflux by malignant glioma inhibits invasiveness and induces necrosis: an in vivo study},
  author={Colen, Chaim B and Shen, Yimin and Ghoddoussi, Farhad and Yu, Pingyang and Francis, Todd B and Koch, Brandon J and Monterey, Michael D and Galloway, Matthew P and Sloan, Andrew E and Mathupala, Saroj P},
  journal={Neoplasia},
  volume={13},
  number={7},
  pages={620--632},
  year={2011},
  publisher={Elsevier}
}

@article{borodovsky2013,
  title={5-azacytidine reduces methylation, promotes differentiation and induces tumor regression in a patient-derived IDH1 mutant glioma xenograft},
  author={Borodovsky, Alexandra and Salmasi, Vafi and Turcan, Sevin and Fabius, Armida WM and Baia, Gilson and Eberhart, Charles G and Weingart, Jon D and Gallia, Gary L and Baylin, Stephen B and Chan, Timothy A and others},
  journal={Oncotarget},
  volume={4},
  number={10},
  pages={1737--1747},
  year={2013},
  publisher={Impact Journals}
}

@article{marquez2017,
  title={Glutamine Addiction In Gliomas},
  author={M{\'a}rquez, Javier and Alonso, Francisco J and Mat{\'e}s, Jos{\'e} M and Segura, Juan A and Mart{\'\i}n-Rufi{\'a}n, Mercedes and Campos-Sandoval, Jos{\'e} A},
  journal={Neurochemical Research},
  pages={1--12},
  year={2017},
  publisher={Springer}
}

@article{perez2016,
  title={Lactate promotes glutamine uptake and metabolism in oxidative cancer cells},
  author={P{\'e}rez-Escuredo, Jhudit and Dadhich, Rajesh K and Dhup, Suveera and Cacace, Andrea and Van H{\'e}e, Vincent F and De Saedeleer, Christophe J and Sboarina, Martina and Rodriguez, Fabien and Fontenille, Marie-Jos{\'e}phine and Brisson, Lucie and others},
  journal={Cell Cycle},
  volume={15},
  number={1},
  pages={72--83},
  year={2016},
  publisher={Taylor \& Francis}
}

@incollection{wahl2018,
  title={Cancer Metabolism},
  author={Wahl, Daniel R and Venneti, Sriram},
  booktitle={Imaging and Metabolism},
  pages={129--154},
  year={2018},
  publisher={Springer}
}

@article{oh2004,
  title={Survival analysis in patients with glioblastoma multiforme: Predictive value of choline-to-n-acetylaspartate index, apparent diffusion coefficient, and relative cerebral blood volume},
  author={Oh, Joonmi and Henry, Roland G and Pirzkall, Andrea and Lu, Ying and Li, Xiaojuan and Catalaa, Isabelle and Chang, Susan and Dillon, William P and Nelson, Sarah J},
  journal={Journal of Magnetic Resonance Imaging},
  volume={19},
  number={5},
  pages={546--554},
  year={2004},
  publisher={Wiley Online Library}
}

@article{hirschhaeuser2011,
  title={Lactate: a metabolic key player in cancer},
  author={Hirschhaeuser, Franziska and Sattler, Ulrike GA and Mueller-Klieser, Wolfgang},
  journal={Cancer research},
  volume={71},
  number={22},
  pages={6921--6925},
  year={2011},
  publisher={AACR}
}

@article{griguer2005,
  title={Glucose metabolism heterogeneity in human and mouse malignant glioma cell lines},
  author={Griguer, Corinne E and Oliva, Claudia R and Gillespie, G Yancey},
  journal={Journal of neuro-oncology},
  volume={74},
  number={2},
  pages={123--133},
  year={2005},
  publisher={Springer}
}

@article{valvona2016,
  title={The regulation and function of lactate dehydrogenase a: therapeutic potential in brain tumor},
  author={Valvona, Cara J and Fillmore, Helen L and Nunn, Peter B and Pilkington, Geoffrey J},
  journal={Brain Pathology},
  volume={26},
  number={1},
  pages={3--17},
  year={2016},
  publisher={Wiley Online Library}
}

@article{romero2016,
  title={Lactate contribution to the tumor microenvironment: mechanisms, effects on immune cells and therapeutic relevance},
  author={Romero-Garcia, Susana and Moreno-Altamirano, Mar{\'\i}a Maximina B and Prado-Garcia, Heriberto and S{\'a}nchez-Garc{\'\i}a, Francisco Javier},
  journal={Frontiers in immunology},
  volume={7},
  year={2016},
  publisher={Frontiers Media SA}
}

@article{adijanto2012,
  title={The SLC16A Family of Monocarboxylate Transporters (MCTs)--
physiology and Function in Cellular Metabolism, pH Homeostasis, and Fluid Transport}, 
  author={Adijanto, Jeffrey and Philip, Nancy},
  journal={Current Topics in Membranes},
  volume={70},
  pages={275--312},
  year={2012},
  publisher={Elsevier}
}

@article{doherty2013,
  title={Targeting lactate metabolism for cancer therapeutics},
  author={Doherty, Joanne R and Cleveland, John L},
  journal={The Journal of clinical investigation},
  volume={123},
  number={9},
  pages={3685--3692},
  year={2013},
  publisher={Am Soc Clin Investig}
}

@article{choi2012,
  title={2-hydroxyglutarate detection by magnetic resonance spectroscopy in IDH-mutated patients with gliomas},
  author={Choi, Changho and Ganji, Sandeep K and DeBerardinis, Ralph J and Hatanpaa, Kimmo J and Rakheja, Dinesh and Kovacs, Zoltan and Yang, Xiao-Li and Mashimo, Tomoyuki and Raisanen, Jack M and Marin-Valencia, Isaac and others},
  journal={Nature medicine},
  volume={18},
  number={4},
  pages={624--629},
  year={2012},
  publisher={Nature Publishing Group}
}

@article{kickingereder2015,
  title={IDH mutation status is associated with a distinct hypoxia/angiogenesis transcriptome signature which is non-invasively predictable with rCBV imaging in human glioma},
  author={Kickingereder, Philipp and Sahm, Felix and Radbruch, Alexander and Wick, Wolfgang and Heiland, Sabine and von Deimling, Andreas and Bendszus, Martin and Wiestler, Benedikt},
  journal={Scientific reports},
  volume={5},
  year={2015},
  publisher={Nature Publishing Group}
}

@article{sonveaux2008,
  title={Targeting lactate-fueled respiration selectively kills hypoxic tumor cells in mice},
  author={Sonveaux, Pierre and V{\'e}gran, Fr{\'e}d{\'e}rique and Schroeder, Thies and Wergin, Melanie C and Verrax, Julien and Rabbani, Zahid N and De Saedeleer, Christophe J and Kennedy, Kelly M and Diepart, Caroline and Jordan, B{\'e}n{\'e}dicte F and others},
  journal={The Journal of clinical investigation},
  volume={118},
  number={12},
  pages={3930--3942},
  year={2008},
  publisher={Am Soc Clin Investig}
}

@article{magistretti1999_2,
  title={Energy on demand},
  author={Magistretti, Pierre J and Pellerin, Luc and Rothman, Douglas L and Shulman, Robert G},
  journal={Science},
  volume={283},
  number={5401},
  pages={496--497},
  year={1999},
  publisher={American Association for the Advancement of Science}
}

@article{kreft2012,
  title={Aspects of astrocyte energy metabolism, amino acid neurotransmitter homoeostasis and metabolic compartmentation},
  author={Kreft, Marko and Bak, Lasse K and Waagepetersen, Helle S and Schousboe, Arne},
  journal={Asn Neuro},
  volume={4},
  number={3},
  pages={AN20120007},
  year={2012},
  publisher={SAGE Publications Sage CA: Los Angeles, CA}
}

@article{lyons2007,
  title={Autocrine glutamate signaling promotes glioma cell invasion},
  author={Lyons, Susan A and Chung, W Joon and Weaver, Amy K and Ogunrinu, Toyin and Sontheimer, Harald},
  journal={Cancer research},
  volume={67},
  number={19},
  pages={9463--9471},
  year={2007},
  publisher={AACR}
}

%CHAPITRE 4

@article{scherer1940,
  title={The forms of growth in gliomas and their practical significance},
  author={Scherer, HJ},
  journal={Brain},
  volume={63},
  number={1},
  pages={1--35},
  year={1940},
  publisher={Oxford Univ Press}
}

@book{de1992,
  title={Histoire du d{\'e}veloppement de la biologie},
  author={De Wit, Hendrik Cornelius Dirk and Baudi{\`e}re, Andr{\'e}},
  volume={3},
  year={1992},
  publisher={PPUR presses polytechniques}
}

@book{taton1996,
  title={Histoire g{\'e}n{\'e}rale des sciences},
  author={Taton, Ren{\'e}},
  publisher={Quadrige},
  volume={1-4},
  year={1996}
}

@book{murray2002,
  title={Mathematical biology},
  author={Murray, James D},
  year={2002},
  publisher={Springer-Verlag, New York,}
}

@article{swanson2002,
  title={Virtual brain tumours (gliomas) enhance the reality of medical imaging and highlight inadequacies of current therapy},
  author={Swanson, Kristin R and Alvord Jr, Ellsworth C and Murray, JD},
  journal={British journal of cancer},
  volume={86},
  number={1},
  pages={14},
  year={2002},
  publisher={Nature Publishing Group}
}

@article{bahrami1975,
  title={Optimal control of multiplicative control systems arising from cancer therapy},
  author={Bahrami, K and Kim, M},
  journal={IEEE Transactions on Automatic Control},
  volume={20},
  number={4},
  pages={537--542},
  year={1975},
  publisher={IEEE}
}

@article{greenspan1972,
  title={Models for the growth of a solid tumor by diffusion},
  author={Greenspan, HP},
  journal={Studies in Applied Mathematics},
  volume={51},
  number={4},
  pages={317--340},
  year={1972},
  publisher={Wiley Online Library}
}

%CHAPITRE 5
@inproceedings{sargent2009,
  title={Verification and validation of simulation models},
  author={Sargent, Robert G},
  booktitle={Simulation Conference (WSC), Proceedings of the 2009 Winter},
  pages={162--176},
  year={2009},
  organization={IEEE}
}

@inproceedings{cocosco1997,
  title={Brainweb: Online interface to a 3D MRI simulated brain database},
  author={Cocosco, Chris A and Kollokian, Vasken and Kwan, Remi K-S and Pike, G Bruce and Evans, Alan C},
  booktitle={NeuroImage},
  year={1997},
  organization={Citeseer}
}

@incollection{graziano2007,
  title={Mechanics in tumor growth},
  author={Graziano, L and Preziosi, L},
  booktitle={Modeling of biological materials},
  pages={263--321},
  year={2007},
  publisher={Springer}
}


%CHAPITRE 6
@article{jolivet2015,
  title={Multi-timescale modeling of activity-dependent metabolic coupling in the neuron-glia-vasculature ensemble},
  author={Jolivet, Renaud and Coggan, Jay S and Allaman, Igor and Magistretti, Pierre J},
  journal={PLoS Comput Biol},
  volume={11},
  number={2},
  pages={e1004036},
  year={2015},
  publisher={Public Library of Science}
}


@article{kuhr1988,
  title={In vivo identification and quantitative evaluation of carrier-mediated transport of lactate at the cellular level in the striatum of conscious, freely moving rats},
  author={Kuhr, Werner G and van den Berg, Cees J and Korf, Jakob},
  journal={Journal of Cerebral Blood Flow \& Metabolism},
  volume={8},
  number={6},
  pages={848--856},
  year={1988},
  publisher={SAGE Publications}
}

@article{cloutier2009,
  title={An integrative dynamic model of brain energy metabolism using in vivo neurochemical measurements},
  author={Cloutier, Mathieu and Bolger, Fiachra B and Lowry, John P and Wellstead, Peter},
  journal={Journal of computational neuroscience},
  volume={27},
  number={3},
  pages={391--414},
  year={2009},
  publisher={Springer}
}

@article{fillenz1998,
  title={Studies of the source of glucose in the extracellular compartment of the rat brain},
  author={Fillenz, M and Lowry, JP},
  journal={Developmental Neuroscience},
  volume={20},
  number={4-5},
  pages={365--368},
  year={1998},
  publisher={Karger Publishers}
}

@article{kasischke2004,
  title={Neural activity triggers neuronal oxidative metabolism followed by astrocytic glycolysis},
  author={Kasischke, Karl A and Vishwasrao, Harshad D and Fisher, Patricia J and Zipfel, Warren R and Webb, Watt W},
  journal={Science},
  volume={305},
  number={5680},
  pages={99--103},
  year={2004},
  publisher={American Association for the Advancement of Science}
}

@article{gjedde2001,
  title={Glycolysis in neurons, not astrocytes, delays oxidative metabolism of human visual cortex during sustained checkerboard stimulation in vivo},
  author={Gjedde, Albert and Marrett, Sean},
  journal={Journal of Cerebral Blood Flow \& Metabolism},
  volume={21},
  number={12},
  pages={1384--1392},
  year={2001},
  publisher={Nature Publishing Group}
}

@inproceedings{buxton1999,
  title={Application of the balloon model to the BOLD response to stimuli of different duration},
  author={Buxton, RB and Miller, KL and Wong, EC and Frank, LR},
  booktitle={Proceedings of the 7th Annual Meeting of ISMRM, Philadelphia},
  pages={1735},
  year={1999}
}

@article{frahm1996,
  title={Dynamic uncoupling and recoupling of perfusion and oxidative metabolism during focal brain activation in man},
  author={Frahm, Jens and Kr{\"u}ger, Gunnar and Merboldt, Klaus-Dietmar and Kleinschmidt, Andreas},
  journal={Magnetic Resonance in Medicine},
  volume={35},
  number={2},
  pages={143--148},
  year={1996},
  publisher={Wiley Online Library}
}

@article{costalat2012,
  title={Mathematical modeling of metabolism and hemodynamics},
  author={Costalat, R and Francoise, J-P and Menuel, C and Lahutte, M and Vall{\'e}e, J-N and De Marco, G and Chiras, J and Guillevin, R},
  journal={Acta biotheoretica},
  volume={60},
  number={1-2},
  pages={99--107},
  year={2012},
  publisher={Springer}
}

@article{guillevin2011,
  title={Mathematical modeling of energy metabolism and hemodynamics of WHO grade II gliomas using in vivo MR data},
  author={Guillevin, R{\'e}my and Menuel, Carole and Vall{\'e}e, Jean-No{\"e}l and Fran{\c{c}}oise, Jean-Pierre and Capelle, Laurent and Habas, Christophe and De Marco, Giovanni and Chiras, Jacques and Costalat, Robert},
  journal={Comptes rendus biologies},
  volume={334},
  number={1},
  pages={31--38},
  year={2011},
  publisher={Elsevier}
}

@article{lahutte2013,
  title={On a minimal model for hemodynamics and metabolism of lactate: application to low grade glioma and therapeutic strategies},
  author={Lahutte-Auboin, Marion and Guillevin, R{\'e}my and Fran{\c{c}}oise, Jean-Pierre and Vall{\'e}e, Jean-No{\"e}l and Costalat, Robert},
  journal={Acta biotheoretica},
  volume={61},
  number={1},
  pages={79--89},
  year={2013},
  publisher={Springer}
}

@article{lahutte2013_2,
  title={Dip and Buffering in a fast-slow system associated to Brain Lactacte Kinetics},
  author={Lahutte-Auboin, Marion and Costalat, Robert and Fran{\c{c}}oise, Jean-Pierre and Guillevin, Remy},
  journal={arXiv preprint arXiv:1308.0486},
  year={2013}
}

@article{aubert2001,
  title={Modelling of the coupling between brain electrical activity and metabolism},
  author={Aubert, Agn{\`e}s and Costalat, Robert and Valabr{\`e}gue, Romain},
  journal={Acta biotheoretica},
  volume={49},
  number={4},
  pages={301--326},
  year={2001},
  publisher={Springer}
}

@article{aubert2002,
  title={A model of the coupling between brain electrical activity, metabolism, and hemodynamics: application to the interpretation of functional neuroimaging},
  author={Aubert, Agnes and Costalat, Robert},
  journal={Neuroimage},
  volume={17},
  number={3},
  pages={1162--1181},
  year={2002},
  publisher={Elsevier}
}

@article{aubert2005,
  title={Brain lactate kinetics: modeling evidence for neuronal lactate uptake upon activation},
  author={Aubert, Agn{\`e}s and Costalat, Robert and Magistretti, Pierre J and Pellerin, Luc},
  journal={Proceedings of the National Academy of Sciences of the United States of America},
  volume={102},
  number={45},
  pages={16448--16453},
  year={2005},
  publisher={National Acad Sciences}
}

@article{aubert2005_2,
  title={Interaction between astrocytes and neurons studied using a mathematical model of compartmentalized energy metabolism},
  author={{A}ubert, Agnes and Costalat, Robert},
  journal={Journal of Cerebral Blood Flow \& Metabolism},
  volume={25},
  number={11},
  pages={1476--1490},
  year={2005},
  publisher={SAGE Publications}
}

@article{aubert2007,
  title={A coherent neurobiological framework for functional neuroimaging provided by a model integrating compartmentalized energy metabolism},
  author={Aubert, Agn{\`e}s and Pellerin, Luc and Magistretti, Pierre J and Costalat, Robert},
  journal={Proceedings of the National Academy of Sciences},
  volume={104},
  number={10},
  pages={4188--4193},
  year={2007},
  publisher={National Acad Sciences}
}

@article{gjedde1997,
  title={The relation between brain function and cerebral blood flow and metabolism},
  author={Gjedde, Albert},
  journal={Cerebrovascular disease},
  pages={23--40},
  year={1997}
}

@article{mangia2003,
  title={The aerobic brain: lactate decrease at the onset of neural activity},
  author={Mangia, Silvia and Garreffa, Girolamo and Bianciardi, Marta and Giove, Federico and Di Salle, Francesco and Maraviglia, Bruno},
  journal={Neuroscience},
  volume={118},
  number={1},
  pages={7--10},
  year={2003},
  publisher={Elsevier}
}

@article{tracqui1995,
  title={From passive diffusion to active cellular migration in mathematical models of tumour invasion},
  author={Tracqui, Philippe},
  journal={Acta biotheoretica},
  volume={43},
  number={4},
  pages={443--464},
  year={1995},
  publisher={Springer}
}

@article{dinuzzo2010,
  title={Changes in glucose uptake rather than lactate shuttle take center stage in subserving neuroenergetics: evidence from mathematical modeling},
  author={DiNuzzo, Mauro and Mangia, Silvia and Maraviglia, Bruno and Giove, Federico},
  journal={Journal of Cerebral Blood Flow \& Metabolism},
  volume={30},
  number={3},
  pages={586--602},
  year={2010},
  publisher={Nature Publishing Group}
}

@article{simpson2007,
  title={Supply and demand in cerebral energy metabolism: the role of nutrient transporters},
  author={Simpson, Ian A and Carruthers, Anthony and Vannucci, Susan J},
  journal={Journal of Cerebral Blood Flow \& Metabolism},
  volume={27},
  number={11},
  pages={1766--1791},
  year={2007},
  publisher={Nature Publishing Group}
}

@article{giaume2010,
  title={Astroglial networks: a step further in neuroglial and gliovascular interactions},
  author={Giaume, Christian and Koulakoff, Annette and Roux, Lisa and Holcman, David and Rouach, Nathalie},
  journal={Nature Reviews Neuroscience},
  volume={11},
  number={2},
  pages={87},
  year={2010},
  publisher={Nature Publishing Group}
}

%CHAPITRES 7-8
@phdthesis{Taubert,
  title={Imagerie fonctionnelle c{\'e}r{\'e}brale et mod{\'e}lisation math{\'e}matique de la relation entre activit{\'e} neuronale, m{\'e}tabolisme {\'e}nerg{\'e}tique et h{\'e}modynamique: application {\`a} l'imagerie des gliomes de bas grade},
  author={Aubert, Agn{\`e}s},
  year={2003},
  school={Paris 6}
}

@article{vafaee2000,
  title={Model of blood-brain transfer of oxygen explains nonlinear flow-metabolism coupling during stimulation of visual cortex},
  author={Vafaee, Manouchehr S and Gjedde, Albert},
  journal={Journal of Cerebral Blood Flow \& Metabolism},
  volume={20},
  number={4},
  pages={747--754},
  year={2000},
  publisher={Nature Publishing Group}
}

@article{hertz2007,
  title={Energy metabolism in astrocytes: high rate of oxidative metabolism and spatiotemporal dependence on glycolysis/glycogenolysis},
  author={Hertz, Leif and Peng, Liang and Dienel, Gerald A},
  journal={Journal of Cerebral Blood Flow \& Metabolism},
  volume={27},
  number={2},
  pages={219--249},
  year={2007},
  publisher={Nature Publishing Group}
}

@article{hertz2008,
  title={Bioenergetics of cerebral ischemia: a cellular perspective},
  author={Hertz, Leif},
  journal={Neuropharmacology},
  volume={55},
  number={3},
  pages={289--309},
  year={2008},
  publisher={Elsevier}
}
  
  @article{calvetti2018,
  title={A computational model integrating brain electrophysiology and metabolism highlights the key role of extracellular potassium and oxygen},
  author={Calvetti, D and Rangel, G Capo and Giorda, L Gerardo and Somersalo, E},
  journal={Journal of theoretical biology},
  volume={446},
  pages={238--258},
  year={2018},
  publisher={Elsevier}
}

@article{valabregue2003,
  title={Relation between cerebral blood flow and metabolism explained by a model of oxygen exchange},
  author={Valabr{\`e}gue, Romain and Aubert, Agn{\`e}s and Burger, Jacques and Bittoun, Jacques and Costalat, Robert},
  journal={Journal of Cerebral Blood Flow \& Metabolism},
  volume={23},
  number={5},
  pages={536--545},
  year={2003},
  publisher={Nature Publishing Group}
}

@article{gruetter1998,
  title={Steady-state cerebral glucose concentrations and transport in the human brain},
  author={Gruetter, Rolf and Ugurbil, K{\^a}mil and Seaquist, Elizabeth R},
  journal={Journal of neurochemistry},
  volume={70},
  number={1},
  pages={397--408},
  year={1998},
  publisher={Wiley Online Library}
}
%CHAPITRE 9
@article{meldrum2000,
  title={Glutamate as a neurotransmitter in the brain: review of physiology and pathology},
  author={Meldrum, Brian S},
  journal={The Journal of nutrition},
  volume={130},
  number={4},
  pages={1007S--1015S},
  year={2000},
  publisher={Oxford University Press}
}

@article{ottersen1992,
  title={Metabolic compartmentation of glutamate and glutamine: morphological evidence obtained by quantitative immunocytochemistry in rat cerebellum},
  author={Ottersen, OP and Zhang, N and Walberg, F},
  journal={Neuroscience},
  volume={46},
  number={3},
  pages={519--534},
  year={1992},
  publisher={Elsevier}
}

@article{featherstone2008,
  title={Regulation of synaptic transmission by ambient extracellular glutamate},
  author={Featherstone, David E and Shippy, Scott A},
  journal={The Neuroscientist},
  volume={14},
  number={2},
  pages={171--181},
  year={2008},
  publisher={Sage Publications Sage CA: Los Angeles, CA}
}

@article{kaiser2005,
  title={Age-related glutamate and glutamine concentration changes in normal human brain: 1H MR spectroscopy study at 4 T},
  author={Kaiser, Lana G and Schuff, Norbert and Cashdollar, Nathan and Weiner, Michael W},
  journal={Neurobiology of aging},
  volume={26},
  number={5},
  pages={665--672},
  year={2005},
  publisher={Elsevier}
}

@article{gruetter2001,
  title={A mathematical model of compartmentalized neurotransmitter metabolism in the human brain},
  author={Gruetter, Rolf and Seaquist, Elizabeth R and Ugurbil, K{\^a}mil},
  journal={American Journal of Physiology-Endocrinology And Metabolism},
  volume={281},
  number={1},
  pages={E100--E112},
  year={2001},
  publisher={American Physiological Society Bethesda, MD}
}

@article{lebon2002,
  title={Astroglial contribution to brain energy metabolism in humans revealed by 13C nuclear magnetic resonance spectroscopy: elucidation of the dominant pathway for neurotransmitter glutamate repletion and measurement of astrocytic oxidative metabolism},
  author={Lebon, Vincent and Petersen, Kitt F and Cline, Gary W and Shen, Jun and Mason, Graeme F and Dufour, Sylvie and Behar, Kevin L and Shulman, Gerald I and Rothman, Douglas L},
  journal={Journal of Neuroscience},
  volume={22},
  number={5},
  pages={1523--1531},
  year={2002},
  publisher={Soc Neuroscience}
}

%CHAPITRE 10
@article{hertz2004,
  title={Astrocytic control of glutamatergic activity: astrocytes as stars of the show},
  author={Hertz, Leif and Zielke, H Ronald},
  journal={Trends in neurosciences},
  volume={27},
  number={12},
  pages={735--743},
  year={2004},
  publisher={Elsevier}
}

@article{patel2005,
  title={The contribution of GABA to glutamate/glutamine cycling and energy metabolism in the rat cortex \textit{in vivo}},
  author={Patel, Anant B and de Graaf, Robin A and Mason, Graeme F and Rothman, Douglas L and Shulman, Robert G and Behar, Kevin L},
  journal={Proceedings of the National Academy of Sciences},
  volume={102},
  number={15},
  pages={5588--5593},
  year={2005},
  publisher={National Acad Sciences}
}

@article{provost2004,
  title={Dynamic metabolic modelling under the balanced growth condition},
  author={Provost, Agn{\`e}s and Bastin, Georges},
  journal={Journal of Process Control},
  volume={14},
  number={7},
  pages={717--728},
  year={2004},
  publisher={Elsevier}
}

@article{mason1995,
  title={Simultaneous determination of the rates of the TCA cycle, glucose utilization, $\alpha$-ketoglutarate/glutamate exchange, and glutamine synthesis in human brain by NMR},
  author={Mason, Graeme F and Gruetter, Rolf and Rothman, Douglas L and Behar, Kevin L and Shulman, Robert G and Novotny, Edward J},
  journal={Journal of Cerebral Blood Flow \& Metabolism},
  volume={15},
  number={1},
  pages={12--25},
  year={1995},
  publisher={SAGE Publications Sage UK: London, England}
}

@article{nazaret2009,
  title={Mitochondrial energetic metabolism: a simplified model of TCA cycle with ATP production},
  author={Nazaret, Christine and Heiske, Margit and Thurley, Kevin and Mazat, Jean-Pierre},
  journal={Journal of theoretical biology},
  volume={258},
  number={3},
  pages={455--464},
  year={2009},
  publisher={Elsevier}
}

%CHAPITRES 11-12
@article{miranville,
  title={A singular reaction-diffusion equation associated with brain lactate kinetics},
  author={Miranville, Alain},
  journal={Mathematical Methods in the Applied Sciences},
  volume={40},
  number={7},
  pages={2454--2465},
  year={2017},
  publisher={Wiley Online Library}
}

@article{ADN1,
  title={Estimates near the boundary for solutions of elliptic partial differential equations satisfying general boundary conditions. {I}},
  author={{A}gmon, Shmuel and Douglis, Avron and Nirenberg, Louis},
  journal={Communications on pure and applied mathematics}},
  volume={12},
  number={4},
  pages={623--727},
  year={1959},
  publisher={Wiley Online Library}
}

@article{ADN2,
  title={Estimates near the boundary for solutions of elliptic partial differential equations satisfying general boundary conditions {II}},
  author={Agmon, Shmuel and Douglis, Avron and Nirenberg, Louis},
  journal={Communications on pure and applied mathematics},
  volume={17},
  number={1},
  pages={35--92},
  year={1964},
  publisher={Wiley Online Library}
}

@book{temam,
  title={Infinite-dimensional dynamical systems in mechanics and physics},
  author={Temam, Roger},
  volume={68},
  year={2012},
  publisher={Springer Science \& Business Media}
}

@book{smoller,
  title={Shock waves and reaction—diffusion equations},
  author={Smoller, Joel},
  volume={258},
  year={2012},
  publisher={Springer Science \& Business Media}
}

@article{marion,
  title={Attractors for reaction-diffusion equations: existence and estimate of their dimension},
  author={Marion, Martine},
  journal={Applicable Analysis},
  volume={25},
  number={1-2},
  pages={101--147},
  year={1987},
  publisher={Taylor \& Francis}
}

@article{alikakos,
  title={Lp bounds of solutions of reaction-diffusion equations},
  author={Alikakos, Nicholas D},
  journal={Communications in Partial Differential Equations},
  volume={4},
  number={8},
  pages={827--868},
  year={1979},
  publisher={Taylor \& Francis}
}

%CHAPITRE 13

@article{zhu2019,
  title={Metabolic regulation of cell growth and proliferation},
  author={Zhu, Jiajun and Thompson, Craig B},
  journal={Nature Reviews Molecular Cell Biology},
  pages={1},
  year={2019},
  publisher={Nature Publishing Group}
}

@article{lefranc2005,
  title={Possible future issues in the treatment of glioblastomas: special emphasis on cell migration and the resistance of migrating glioblastoma cells to apoptosis},
  author={Lefranc, Florence and Brotchi, Jacques and Kiss, Robert},
  journal={Journal of clinical oncology},
  volume={23},
  number={10},
  pages={2411--2422},
  year={2005},
  publisher={American Society of Clinical Oncology}
}

@article{bellail2004,
  title={Microregional extracellular matrix heterogeneity in brain modulates glioma cell invasion},
  author={Bellail, Anita C and Hunter, Stephen B and Brat, Daniel J and Tan, Chalet and Van Meir, Erwin G},
  journal={The international journal of biochemistry \& cell biology},
  volume={36},
  number={6},
  pages={1046--1069},
  year={2004},
  publisher={Elsevier}
}

@article{goldbrunner1999,
  title={Cell-extracellular matrix interaction in glioma invasion},
  author={Goldbrunner, RH and Bernstein, JJ and Tonn, J-C},
  journal={Acta neurochirurgica},
  volume={141},
  number={3},
  pages={295--305},
  year={1999},
  publisher={Springer}
}

@article{nakada2003,
  title={Testican 2 abrogates inhibition of membrane-type matrix metalloproteinases by other testican family proteins},
  author={Nakada, Mitsutoshi and Miyamori, Hisashi and Yamashita, Junkoh and Sato, Hiroshi},
  journal={Cancer research},
  volume={63},
  number={12},
  pages={3364--3369},
  year={2003},
  publisher={AACR}
}

@article{nakada2007,
  title={Molecular targets of glioma invasion},
  author={Nakada, M and Nakada, S and Demuth, T and Tran, NL and Hoelzinger, DB and Berens, ME},
  journal={Cellular and molecular life sciences},
  volume={64},
  number={4},
  pages={458},
  year={2007},
  publisher={Springer}
}

@article{giese1996,
  title={Migration of human glioma cells on myelin},
  author={Giese, Alt and Kluwe, Lan and Laube, Britta and Meissner, Hildegard and Berens, Michael E and Westphal, Manfred},
  journal={Neurosurgery},
  volume={38},
  number={4},
  pages={755--764},
  year={1996},
  publisher={Oxford University Press}
}

@article{macklin2007,
  title={Nonlinear simulation of the effect of microenvironment on tumor growth},
  author={Macklin, Paul and Lowengrub, John},
  journal={Journal of theoretical biology},
  volume={245},
  number={4},
  pages={677--704},
  year={2007},
  publisher={Elsevier}
}

@article{frieboes2006,
  title={An integrated computational/experimental model of tumor invasion},
  author={Frieboes, Hermann B and Zheng, Xiaoming and Sun, Chung-Ho and Tromberg, Bruce and Gatenby, Robert and Cristini, Vittorio},
  journal={Cancer research},
  volume={66},
  number={3},
  pages={1597--1604},
  year={2006},
  publisher={AACR}
}

@article{vanderlei2011,
  title={A computational model of cell polarization and motility coupling mechanics and biochemistry},
  author={Vanderlei, Ben and Feng, James J and Edelstein-Keshet, Leah},
  journal={Multiscale Modeling \& Simulation},
  volume={9},
  number={4},
  pages={1420--1443},
  year={2011},
  publisher={SIAM}
}

@article{zheng2005,
  title={Nonlinear simulation of tumor necrosis, neo-vascularization and tissue invasion via an adaptive finite-element/level-set method},
  author={Zheng, X and Wise, SM and Cristini, V},
  journal={Bulletin of mathematical biology},
  volume={67},
  number={2},
  pages={211},
  year={2005},
  publisher={Springer}
}

@article{agosti2018,
  title={A computational framework for the personalized clinical treatment of glioblastoma multiforme},
  author={Agosti, Abramo and Cattaneo, Clara and Giverso, Chiara and Ambrosi, Davide and Ciarletta, Pasquale},
  journal={ZAMM-Journal of Applied Mathematics and Mechanics/Zeitschrift f{\"u}r Angewandte Mathematik und Mechanik},
  volume={98},
  number={12},
  pages={2307--2327},
  year={2018},
  publisher={Wiley Online Library}
}

@article{agosti2019,
  title={A personalized mathematical tool for neuro-oncology: A clinical case study},
  author={Agosti, Abramo and Giverso, Chiara and Faggiano, Elena and Stamm, Aymeric and Ciarletta, Pasquale},
  journal={International Journal of Non-Linear Mechanics},
  volume={107},
  pages={170--181},
  year={2018},
  publisher={Elsevier}
}

%CHAPITREF
@article{voloboueva2013,
  title={Inflammatory response of microglial BV-2 cells includes a glycolytic shift and is modulated by mitochondrial glucose-regulated protein 75/mortalin},
  author={Voloboueva, Ludmila A and Emery, John F and Sun, Xiaoyun and Giffard, Rona G},
  journal={FEBS letters},
  volume={587},
  number={6},
  pages={756--762},
  year={2013},
  publisher={Wiley Online Library}
}

@article{newington2013,
  title={Reevaluating metabolism in Alzheimer's disease from the perspective of the astrocyte-neuron lactate shuttle model},
  author={Newington, Jordan T and Harris, Richard A and Cumming, Robert C},
  journal={Journal of neurodegenerative diseases},
  volume={2013},
  year={2013},
  publisher={Hindawi Publishing Corporation}
}

@article{driver2012,
  title={Inverse association between cancer and Alzheimer’s disease: results from the Framingham Heart Study},
  author={Driver, Jane A and Beiser, Alexa and Au, Rhoda and Kreger, Bernard E and Splansky, Greta Lee and Kurth, Tobias and Kiel, Douglas P and Lu, Kun Ping and Seshadri, Sudha and Wolf, Phillip A},
  journal={Bmj},
  volume={344},
  pages={e1442},
  year={2012},
  publisher={British Medical Journal Publishing Group}
}

@article{parihar2007,
  title={Mitoenergetic failure in Alzheimer disease},
  author={Parihar, Mordhwaj S and Brewer, Gregory J},
  journal={American Journal of Physiology-Cell Physiology},
  volume={292},
  number={1},
  pages={C8--C23},
  year={2007},
  publisher={Am Physiological Soc}
}

@article{harris2017,
  title={Cerebral lactate metabolism and memory: Implications for Alzheimer's disease},
  author={Harris, Richard Andrew},
  year={2017}
}

@article{bell2008,
  title={Augmentation paradoxale du nombre de synapses glutamatergiques lors des troubles cognitifs l{\'e}gers de la maladie d’Alzheimer},
  author={Bell, Karen FS and Cuello, A Claudio},
  journal={M{\'e}decine sciences},
  volume={24},
  number={10},
  pages={807},
  year={2008}
}